<?xml version="1.0" encoding="UTF-8"?><collection xmlns="http://www.loc.gov/MARC21/slim"><record><leader>00408nam--2200145-i-4500</leader><controlfield tag="001">000015362</controlfield><controlfield tag="002">20161230</controlfield><controlfield tag="005">20170304193826</controlfield><controlfield tag="008">060222s1000------------r-----000-0-eng-d</controlfield><datafield ind1=" " ind2=" " tag="100"><subfield code="a">Cramariuc, Radu</subfield></datafield><datafield ind1=" " ind2=" " tag="245"><subfield code="a">Transformari conforme in fizica si electrotehnica, 1984</subfield></datafield><datafield ind1=" " ind2=" " tag="260"><subfield code="a">Bucuresti</subfield><subfield code="b">Editura Stiintifica Si Enciclopedica</subfield><subfield code="c">1984</subfield></datafield><datafield ind1=" " ind2=" " tag="300"><subfield code="a">296 p</subfield></datafield><datafield ind1=" " ind2=" " tag="852"><subfield code="a">51.73.74</subfield></datafield><datafield ind1=" " ind2=" " tag="CAT"><subfield code="a">SYS</subfield><subfield code="c">20170304</subfield><subfield code="h">193826</subfield></datafield></record></collection>